@misc{lending,
  author    =   {LendingClub Corporation},
  title     =   {The Lending Club},
  month     =   {NOV},
  year      =   {2013},
  url       =   {https://www.lendingclub.com/}
}
@misc{wikiFICO,
  author    =   {Anonymous},
  title     =   {FICO Score},
  month     =   {NOV},
  year      =   {2013},
  url       =   {http://en.wikipedia.org/wiki/FICO_score#FICO_score}
}